 @misc{contest, title={  ICFHR2022 Competition on Detection and Recognition of Greek Letters on Papyri }, url={https://lme.tf.fau.de/competitions/icfhr2022-competition-on-detection-and-recognition-of-greek-letters-on-papyri/}, journal={Pattern Recognition Lab}, publisher={Friedrich-Alexander-Universit√§t}, author={Seuret, Mathias and Christlein, Vincent and Rodriguez-Salas, Dalia and Saraogi, Olga  Serbaeva and White, Stephen and Marthot-Santaniello, Isabelle}, year={2022}, month={Jul}}
@article{LinkNet, title="DP-LinkNet: A convolutional network for historical document image binarization", author="Wei Xiong and Xiuhong Jia and Dichun Yang and Meihui Ai and Lirong Li and Song Wang and", journal="KSII Transactions on Internet and Information Systems", DOI={10.3837/tiis.2021.05.011}, volume={15}, number={5}, year="2021", month={May}, pages={1778-1797}}
